<?xml version="1.0" encoding="UTF-8"?><collection xmlns="http://www.loc.gov/MARC21/slim"><record><leader>00493nam--2200157-i-4500</leader><controlfield tag="001">000012433</controlfield><controlfield tag="002">20161230</controlfield><controlfield tag="005">20170207001326</controlfield><controlfield tag="008">060222s1000------------r-----000-0-eng-d</controlfield><datafield ind1=" " ind2=" " tag="100"><subfield code="a">Collins, David</subfield></datafield><datafield ind1=" " ind2=" " tag="245"><subfield code="a">156: software development tools and techniques for microcomputers. Course notes. From the learning tree tm</subfield></datafield><datafield ind1=" " ind2=" " tag="260"><subfield code="a">Culver City</subfield><subfield code="b">Integrated Computer Systems, Inc</subfield><subfield code="c">1977</subfield></datafield><datafield ind1=" " ind2=" " tag="300"><subfield code="a">/Dif.P.</subfield></datafield><datafield ind1=" " ind2=" " tag="700"><subfield code="a">Garan, Eric</subfield></datafield><datafield ind1=" " ind2=" " tag="852"><subfield code="a">681.3.01(075.9)</subfield></datafield><datafield ind1=" " ind2=" " tag="CAT"><subfield code="a">SYS</subfield><subfield code="c">20170207</subfield><subfield code="h">001326</subfield></datafield></record></collection>